
@INPROCEEDINGS{DELLM22,
  title     = "Locally testable codes with constant rate, distance, and
               locality",
  booktitle = "Symposium on Theory of Computing ({STOC})",
  author    = "Dinur, Irit and Evra, Shai and Livne, Ron and Lubotzky,
               Alexander and Mozes, Shahar",
  publisher = "Association for Computing Machinery",
  pages     = "357--374",
  series    = "STOC 2022",
  month     =  jun,
  year      =  2022,
  address   = "New York, NY, USA",
  doi       = "10.1145/3519935.3520024"
}


@ARTICLE{HLW06,
  title    = "Expander graphs and their applications",
  author   = "Hoory, Shlomo and Linial, Nathan and Wigderson, Avi",
  journal  = "Bull. Am. Math. Soc.",
  volume   =  43,
  number   =  4,
  pages    = "439--561",
  year     =  2006,
  language = "en",
  issn     = "0273-0979, 1088-9485",
  doi      = "10.1090/S0273-0979-06-01126-8"
},
@BOOK{LP17,
  title     = "Markov Chains and Mixing Times",
  author    = "Levin, David and Peres, Yuval",
  publisher = "American Mathematical Society",
  edition   = "2nd",
  month     =  oct,
  year      =  2017,
  address   = "Providence, Rhode Island",
  isbn      = "9781470429621",
  doi       = "10.1090/mbk/107"
},
@ARTICLE{LPS88,
  title   = "Ramanujan graphs",
  author  = "Lubotzky, A and Phillips, R and Sarnak, P",
  journal = "Combinatorica",
  volume  =  8,
  number  =  3,
  pages   = "261--277",
  month   =  sep,
  year    =  1988,
  issn    = "0209-9683, 1439-6912",
  doi     = "10.1007/BF02126799"
}
@article{Mar88,
  author            = {Grigory Aleksandrovich Margulis},
  date              = {},
  journaltitle      = {Problems Inform. Transmission},
  title             = {Explicit group-theoretic constructions of combinatorial schemes and their applications in the construction of expanders and concentrators},
  year              = {1988}
}
@ARTICLE{Mor94,
  title   = "Existence and Explicit Constructions of q + 1 Regular Ramanujan
             Graphs for Every Prime Power q",
  author  = "Morgenstern, M",
  journal = "Journal of Combinatorial Theory Series B",
  volume  =  62,
  number  =  1,
  pages   = "44--62",
  month   =  sep,
  year    =  1994,
  issn    = "0095-8956",
  doi     = "10.1006/jctb.1994.1054"
}
@ARTICLE{Alon86,
  title   = "Eigenvalues and expanders",
  author  = "Alon, Noga",
  journal = "Combinatorica",
  volume  =  6,
  number  =  2,
  pages   = "83--96",
  month   =  jun,
  year    =  1986,
  issn    = "0209-9683, 1439-6912",
  doi     = "10.1007/BF02579166"
},
@article{Friedman_random_regular,
  author            = {Joel Friedman},
  date              = {},
  journaltitle      = {Memoirs of the American Mathematical Society},
  title             = {A Proof of Alonâ€™s Second Eigenvalue Conjecture and Related Problems},
  year              = {2008},
  volume            = {195},
}
@ARTICLE{KO20,
  title   = "High Order Random Walks: Beyond Spectral Gap",
  author  = "Kaufman, Tali and Oppenheim, Izhar",
  journal = "Combinatorica",
  volume  =  40,
  number  =  2,
  pages   = "245--281",
  month   =  apr,
  year    =  2020,
  issn    = "0209-9683, 1439-6912",
  doi     = "10.1007/s00493-019-3847-0"
}

@ARTICLE{ALOV24,
  title     = "Log-concave polynomials {II}: High-dimensional walks and an
               {FPRAS} for counting bases of a matroid",
  author    = "Anari, Nima and Liu, Kuikui and Gharan, Shayan Oveis and
               Vinzant, Cynthia",
  journal   = "Annals of Mathematics",
  publisher = "Department of Mathematics of Princeton University",
  volume    =  199,
  number    =  1,
  pages     = "259--299",
  month     =  jan,
  year      =  2024,
  language  = "en",
  issn      = "0003-486X, 1939-8980",
  doi       = "10.4007/annals.2024.199.1.4"
}

@INPROCEEDINGS{balanced_matroids,
  title     = "Balanced matroids",
  booktitle = "Proceedings of the twenty-fourth annual {ACM} symposium on
               Theory of Computing",
  author    = "Feder, Tom{\'a}s and Mihail, Milena",
  publisher = "Association for Computing Machinery",
  pages     = "26--38",
  series    = "STOC '92",
  month     =  jul,
  year      =  1992,
  address   = "New York, NY, USA",
  location  = "Victoria, British Columbia, Canada",
  isbn      = "9780897915113",
  doi       = "10.1145/129712.129716"
}


@INPROCEEDINGS{AL20,
  title     = "Improved analysis of higher order random walks and applications",
  booktitle = "Proceedings of the 52nd Annual {ACM} {SIGACT} Symposium on
               Theory of Computing",
  author    = "Alev, Vedat Levi and Lau, Lap Chi",
  publisher = "Association for Computing Machinery",
  pages     = "1198--1211",
  series    = "STOC 2020",
  month     =  jun,
  year      =  2020,
  address   = "New York, NY, USA",
  location  = "Chicago, IL, USA",
  isbn      = "9781450369794",
  doi       = "10.1145/3357713.3384317"
}


@ARTICLE{SS96,
  title   = "Expander codes",
  author  = "Sipser, M and Spielman, D A",
  journal = "IEEE Transactions on Information Theory",
  volume  =  42,
  number  =  6,
  pages   = "1710--1722",
  month   =  nov,
  year    =  1996,
  issn    = "0018-9448, 1557-9654",
  doi     = "10.1109/18.556667"
}


@ARTICLE{GS06,
  title     = "Locally testable codes and {PCPs} of almost-linear length",
  author    = "Goldreich, Oded and Sudan, Madhu",
  journal   = "Journal of the ACM",
  publisher = "Association for Computing Machinery",
  volume    =  53,
  number    =  4,
  pages     = "558--655",
  month     =  jul,
  year      =  2006,
  address   = "New York, NY, USA",
  issn      = "0004-5411",
  doi       = "10.1145/1162349.1162351"
}


@INPROCEEDINGS{LH22,
  title     = "c3-Locally Testable Codes from Lossless Expanders",
  booktitle = "International Symposium on Information Theory ({ISIT})",
  author    = "Lin, Ting-Chun and Hsieh, Min-Hsiu",
  pages     = "1175--1180",
  month     =  jun,
  year      =  2022,
  issn      = "2157-8117",
  doi       = "10.1109/ISIT50566.2022.9834679"
}


@INPROCEEDINGS{PK22,
  title     = "Asymptotically good Quantum and locally testable classical
               {LDPC} codes",
  booktitle = "Symposium on Theory of Computing ({STOC})",
  author    = "Panteleev, Pavel and Kalachev, Gleb",
  publisher = "Association for Computing Machinery",
  pages     = "375--388",
  series    = "STOC 2022",
  month     =  jun,
  year      =  2022,
  address   = "New York, NY, USA",
  location  = "Rome, Italy",
  isbn      = "9781450392648",
  doi       = "10.1145/3519935.3520017"
}


@INPROCEEDINGS{LZ22,
  title     = "Quantum Tanner codes",
  booktitle = "Symposium on Foundations of Computer Science ({FOCS})",
  author    = "{Leverrier} and {Z{\'e}mor}",
  volume    =  0,
  pages     = "872--883",
  month     =  oct,
  year      =  2022,
  doi       = "10.1109/FOCS54457.2022.00117"
}


@INPROCEEDINGS{AKS87,
  title     = "Deterministic simulation in {LOGSPACE}",
  booktitle = "Symposium on Theory of Computing ({STOC})",
  author    = "Ajtai, M and Komlos, J and Szemeredi, E",
  publisher = "Association for Computing Machinery",
  pages     = "132--140",
  series    = "STOC '87",
  month     =  jan,
  year      =  1987,
  address   = "New York, NY, USA",
  location  = "New York, New York, USA",
  isbn      = "9780897912211",
  doi       = "10.1145/28395.28410"
}


@ARTICLE{Margulis1973,
  title     = "Explicit constructions of concentrators",
  author    = "Margulis, Grigorii Aleksandrovich",
  journal   = "Problemy Peredachi Informatsii",
  volume    =  9,
  number    =  4,
  pages     = "71--80",
  year      =  1973,
  issn      = "0555-2923"
}


@ARTICLE{GG81,
  title   = "Explicit constructions of linear-sized superconcentrators",
  author  = "Gabber, Ofer and Galil, Zvi",
  journal = "J. Comput. System Sci.",
  volume  =  22,
  number  =  3,
  pages   = "407--420",
  month   =  jun,
  year    =  1981,
  issn    = "0022-0000",
  doi     = "10.1016/0022-0000(81)90040-4"
}


@ARTICLE{AC88,
  title   = "Explicit construction of linear sized tolerant networks",
  author  = "Alon, N and Chung, F R K",
  journal = "Discrete Math.",
  volume  =  72,
  number  =  1,
  pages   = "15--19",
  month   =  dec,
  year    =  1988,
  issn    = "0012-365X",
  doi     = "10.1016/0012-365X(88)90189-6"
}


@INCOLLECTION{Cheeger70,
  title     = "A Lower Bound for the Smallest Eigenvalue of the Laplacian",
  booktitle = "Problems in Analysis",
  author    = "Cheeger, Jeff",
  publisher = "Princeton University Press",
  pages     = "195--200",
  year      =  1970,
  language  = "en",
  isbn      = "9781400869312"
}

@online{LapChiLau_Lecture,
  author       = {Lap Chi Lau},
  title        = {CS 860: Eigenvalues and Polynomials (Lecture Note)},
  url          = {https://cs.uwaterloo.ca/~lapchi/cs860/notes.html},
  year         = {2022}
}

@online{MaxHopkins_Lecture,
  author       = {Max Hopkins and Shachar Lovett},
  title        = {CSE 291 - Expander graphs and High-Dimensional Expanders (Lecture Note)},
  url          = {https://cseweb.ucsd.edu/classes/sp21/cse291-g/},
  year         = {2021}
}

@online{Gharan_Lecture,
  author       = {Shayan Oveis Gharan},
  title        = {CSE 599: Polynomial Paradigm in Algorithm Design},
  url          = {https://homes.cs.washington.edu/~shayan/courses/polynomials/},
  year         = {2020}
}


@ARTICLE{Oppenheim_tricling_down,
  title   = "Local Spectral Expansion Approach to High Dimensional Expanders Part I: Descent of Spectral Gaps",
  author  = "Oppenheim, Izhar",
  journal = "Discrete Comput. Geom.",
  volume  =  59,
  number  =  2,
  pages   = "293--330",
  month   =  mar,
  year    =  2018,
  issn    = "0179-5376, 1432-0444",
  doi     = "10.1007/s00454-017-9948-x"
}


@ARTICLE{Cayley1878,
  title     = "Desiderata and Suggestions: No. 2. The Theory of Groups:
               Graphical Representation",
  author    = "{Cayley}",
  journal   = "Amer. J. Math.",
  publisher = "Johns Hopkins University Press",
  volume    =  1,
  number    =  2,
  pages     = "174--176",
  year      =  1878,
  issn      = "0002-9327, 1080-6377",
  doi       = "10.2307/2369306"
}


@ARTICLE{Whitney1935,
  title     = "On the Abstract Properties of Linear Dependence",
  author    = "Whitney, Hassler",
  journal   = "Amer. J. Math.",
  publisher = "Johns Hopkins University Press",
  volume    =  57,
  number    =  3,
  pages     = "509--533",
  year      =  1935,
  issn      = "0002-9327, 1080-6377",
  doi       = "10.2307/2371182"
}
